% Encoding: UTF-8



@book {mumford1994,
    AUTHOR = {Mumford, D. and Fogarty, J. and Kirwan, F.},
     TITLE = {Geometric invariant theory},
    SERIES = {Ergebnisse der Mathematik und ihrer Grenzgebiete (2) [Results
              in Mathematics and Related Areas (2)]},
    VOLUME = {34},
   EDITION = {Third},
 PUBLISHER = {Springer-Verlag, Berlin},
      YEAR = {1994},
     PAGES = {xiv+292},
      ISBN = {3-540-56963-4},
   MRCLASS = {14D25 (58E05 58F05)},
  MRNUMBER = {1304906},
MRREVIEWER = {Yi Hu},
       DOI = {10.1007/978-3-642-57916-5},
       URL = {https://doi.org/10.1007/978-3-642-57916-5},
}

@article{fujita2018k,
  title={On the K-stability of Fano varieties and anticanonical divisors},
  author={Fujita, Kento and Odaka, Yuji and others},
  journal={Tohoku Mathematical Journal},
  volume={70},
  number={4},
  pages={511--521},
  year={2018},
  publisher={Tohoku University}
}


@Book{hartshorne2013,
  title     = {Algebraic geometry},
  publisher = {Springer Science \& Business Media},
  year      = {2013},
  author    = {Hartshorne, Robin},
  volume    = {52},
}

@article{petersen2011torus,
  title={Torus invariant divisors},
  author={Petersen, Lars and S{\"u}{\ss}, Hendrik},
  journal={Israel Journal of Mathematics},
  volume={182},
  number={1},
  pages={481--504},
  year={2011},
  publisher={Springer}
}

@article{li2009greatest,
  title={Greatest lower bounds on Ricci curvature for toric Fano manifolds},
  author={Li, Chi},
  journal={arXiv preprint arXiv:0909.3443},
  year={2009}
}


@article{tian1992stability,
  title={On stability of the tangent bundles of {F}ano varieties},
  author={Tian, Gang},
  journal={Internat. J. Math},
  volume={3},
  number={3},
  pages={401--413},
  year={1992}
}

@article{donaldson2008kahler,
  title={Kahler geometry on toric manifolds, and some other manifolds with large symmetry},
  author={Donaldson, Simon K},
  journal={arXiv preprint arXiv:0803.0985},
  year={2008}
}

@article {baker2012,
    AUTHOR = {B\"{a}ker, Hendrik and Hausen, J\"{u}rgen and Keicher, Simon},
     TITLE = {On {C}how quotients of torus actions},
   JOURNAL = {Michigan Math. J.},
  FJOURNAL = {Michigan Mathematical Journal},
    VOLUME = {64},
      YEAR = {2015},
    NUMBER = {3},
     PAGES = {451--473},
      ISSN = {0026-2285},
   MRCLASS = {14E30 (14C20 14M25)},
  MRNUMBER = {3394253},
MRREVIEWER = {Frank D. Grosshans},
}

@incollection {kapranov1993,
    AUTHOR = {Kapranov, M. M.},
     TITLE = {Chow quotients of {G}rassmannians. {I}},
 BOOKTITLE = {I. {M}. {G}el\cprime fand {S}eminar},
    SERIES = {Adv. Soviet Math.},
    VOLUME = {16},
     PAGES = {29--110},
 PUBLISHER = {Amer. Math. Soc., Providence, RI},
      YEAR = {1993},
   MRCLASS = {14L30 (14M15 52B20 52B40)},
  MRNUMBER = {1237834},
MRREVIEWER = {Michel Brion},
}

@article{Aubin1976,
  title={Equations du type Monge-Ampere sur la varietes kahleriennes compactes},
  author={Aubin, Thierry},
  journal={CR Acad. Sci. Paris},
  volume={283},
  pages={119--121},
  year={1976}
}

@article{Yau1977,
  title={Calabi's conjecture and some new results in algebraic geometry},
  author={Yau, Shing-Tung},
  journal={Proceedings of the National Academy of Sciences},
  volume={74},
  number={5},
  pages={1798--1799},
  year={1977},
  publisher={National Acad Sciences}
}

@article{CDS12,
  title={K{\"a}hler-{E}instein metrics and stability},
  author={Chen, Xiu-Xiong and Donaldson, Simon and Sun, Song},
  journal={Int. Math.Res. Not. IMRN},
  number={8},
  pages={2119-2125},
  year={2014}
}

@article{CDS13,
  title={K{\"a}hler-{E}instein metrics on {F}ano manifolds. {I}{I}{I}: {L}imits as cone angle approaches $2 \pi$ and completion of the main proof},
  author={Chen, Xiuxiong and Donaldson, Simon and Sun, Song},
  journal={Journal of the American Mathematical Society},
  volume={28},
  number={1},
  pages={235--278},
  year={2015}
}

@article {Tian87,
    AUTHOR = {Tian, Gang},
     TITLE = {On {K}\"{a}hler-{E}instein metrics on certain {K}\"{a}hler manifolds
              with {$C_1(M)>0$}},
   JOURNAL = {Invent. Math.},
  FJOURNAL = {Inventiones Mathematicae},
    VOLUME = {89},
      YEAR = {1987},
    NUMBER = {2},
     PAGES = {225--246},
      ISSN = {0020-9910},
   MRCLASS = {53C25 (32C10 53C55 58E20)},
  MRNUMBER = {894378},
MRREVIEWER = {M. Kalka},
       DOI = {10.1007/BF01389077},
       URL = {https://doi.org/10.1007/BF01389077},
}

@article {Su13,
    AUTHOR = {S\"{u}\ss , Hendrik},
     TITLE = {K\"{a}hler-{E}instein metrics on symmetric {F}ano {$T$}-varieties},
   JOURNAL = {Adv. Math.},
  FJOURNAL = {Advances in Mathematics},
    VOLUME = {246},
      YEAR = {2013},
     PAGES = {100--113},
      ISSN = {0001-8708},
   MRCLASS = {32Q20 (14J45 14L30)},
  MRNUMBER = {3091801},
MRREVIEWER = {Usha N. Bhosle},
}

@article{batyrev99,
  title={Einstein-{K}{\"a}hler metrics on symmetric toric {F}ano manifolds},
  author={Batyrev, Victor V and Selivanova, Elena N},
  journal={{J}. {R}eine {A}ngew. {M}ath.},
  year={1999},
  number={512},
  pages={225 - 236}
}

@article{cheltsov08,
  title={Log canonical thresholds of smooth {F}ano threefolds},
  author={Cheltsov, Ivan A and Shramov, Konstantin A},
  journal={Russian Mathematical Surveys},
  volume={63},
  number={5},
  pages={859},
  year={2008},
  publisher={IOP Publishing}
}

@article {cheltsov2011exceptional,
    AUTHOR = {Cheltsov, Ivan and Shramov, Constantin},
     TITLE = {On exceptional quotient singularities},
   JOURNAL = {Geom. Topol.},
  FJOURNAL = {Geometry \& Topology},
    VOLUME = {15},
      YEAR = {2011},
    NUMBER = {4},
     PAGES = {1843--1882},
      ISSN = {1465-3060},
   MRCLASS = {53C55 (32Q25 32S99)},
  MRNUMBER = {2860982},
MRREVIEWER = {Yanir A. Rubinstein},
       DOI = {10.2140/gt.2011.15.1843},
       URL = {https://doi.org/10.2140/gt.2011.15.1843},
}


@article{shokurov,
  title={Three-fold log flips},
  author={V.Shokurov},
  journal={Russian Academy of Sciences, Izvestiya Mathematics},
  year={1993},
  volume={40},
  pages={95-202},
}

@inproceedings{demailly2001,
  title={Semi-continuity of complex singularity exponents and {K}{\"a}hler-{E}instein metrics on {F}ano orbifolds},
  author={Demailly, Jean-Pierre and Koll{\'a}r, J{\'a}nos},
  booktitle={Annales scientifiques de l'Ecole normale sup{\'e}rieure},
  volume={34},
  number={4},
  pages={525--556},
  year={2001}
}

@Book{positivity,
  title     = {Positivity in algebraic geometry II},
  publisher = {Springer-Verlag, Berlin},
  year      = {2004},
  author    = {R. Lazarsfeld}
}

@unpublished{suess18-2,
   author = {S{\"u}{\ss}, Hendrik},
   url={http://arxiv.org/abs/1810.00981},
   title="{Orbit spaces of maximal torus actions on oriented {G}rassmannians of planes}",
   journal={arXiv preprint arXiv:1810.00981},
   year={2018}
}

@article{wang2004,
  title={{K}{\"a}hler--{R}icci solitons on toric manifolds with positive first {C}hern class},
  author={Wang, Xu-Jia and Zhu, Xiaohua},
  journal={Advances in Mathematics},
  volume={188},
  number={1},
  pages={87--103},
  year={2004},
  publisher={Elsevier}
}

@article{ilten2015,
  title={K-stability for {F}ano manifolds with torus action of complexity 1},
  author={Ilten, Nathan and S{\"u}{\ss}, Hendrik},
  journal={Duke Math. J.},
  volume={166},
  number={1},
  pages={177-204},
  year={2017}
}

@incollection{kempf1979,
  title={The length of vectors in representation spaces},
  author={Kempf, George and Ness, Linda},
  booktitle={Algebraic geometry},
  pages={233--243},
  year={1979},
  publisher={Springer}
}

@article {MR799252,
    AUTHOR = {Kirwan, Frances Clare},
     TITLE = {Partial desingularisations of quotients of nonsingular
              varieties and their {B}etti numbers},
   JOURNAL = {Ann. of Math. (2)},
  FJOURNAL = {Annals of Mathematics. Second Series},
    VOLUME = {122},
      YEAR = {1985},
    NUMBER = {1},
     PAGES = {41--85},
      ISSN = {0003-486X},
   MRCLASS = {14D25 (14L30 20G99 32M99)},
  MRNUMBER = {799252},
MRREVIEWER = {Andrew J. Sommese},
}

@article{li06,
  title={Wonderful compactification of an arrangement of subvarieties},
  author={Li, Li},
  journal={Michigan Math. J. },
  volume={58},
  number={2},
  pages={535-563},
  year={2009}
}

@article {del2016,
    author = {Delcroix, Thibaut},
     title = {K-stability of {F}ano spherical varieties},
   JOURNAL = {Ann. Sci. \'{E}c. Norm. Sup\'{e}r. (4)},
  FJOURNAL = {Annales Scientifiques de l'\'{E}cole Normale Sup\'{e}rieure. Quatri\`eme
              S\'{e}rie},
    VOLUME = {53},
      YEAR = {2020},
    NUMBER = {3},
     PAGES = {615--662},
      ISSN = {0012-9593},
   MRCLASS = {14M27 (32Q26 53C55)},
  MRNUMBER = {4118525},
}

@article {guillemin1982convexity,
    AUTHOR = {Guillemin, V. and Sternberg, S.},
     TITLE = {Convexity properties of the moment mapping. {II}},
   JOURNAL = {Invent. Math.},
  FJOURNAL = {Inventiones Mathematicae},
    VOLUME = {77},
      YEAR = {1984},
    NUMBER = {3},
     PAGES = {533--546},
      ISSN = {0020-9910},
   MRCLASS = {58F05 (57S25)},
  MRNUMBER = {759258},
MRREVIEWER = {I. Vaisman},
       DOI = {10.1007/BF01388837},
       URL = {https://doi.org/10.1007/BF01388837},
}

@article {atiyah1982convexity,
    AUTHOR = {Atiyah, M. F.},
     TITLE = {Convexity and commuting {H}amiltonians},
   JOURNAL = {Bull. London Math. Soc.},
  FJOURNAL = {The Bulletin of the London Mathematical Society},
    VOLUME = {14},
      YEAR = {1982},
    NUMBER = {1},
     PAGES = {1--15},
      ISSN = {0024-6093},
   MRCLASS = {53C15 (22E30 53C55 58F05)},
  MRNUMBER = {642416},
MRREVIEWER = {A. Morimoto},
}

@article {hausen2018torus,
    AUTHOR = {Hausen, J\"{u}rgen and Hische, Christoff and Wrobel, Milena},
     TITLE = {On torus actions of higher complexity},
   JOURNAL = {Forum Math. Sigma},
  FJOURNAL = {Forum of Mathematics. Sigma},
    VOLUME = {7},
      YEAR = {2019},
     PAGES = {Paper No. e38, 81},
   MRCLASS = {14L30 (14J45 14M25)},
  MRNUMBER = {4031105},
}

@incollection {Calabi82,
    AUTHOR = {Calabi, Eugenio},
     TITLE = {Extremal {K}\"{a}hler metrics},
 BOOKTITLE = {Seminar on {D}ifferential {G}eometry},
    SERIES = {Ann. of Math. Stud.},
    VOLUME = {102},
     PAGES = {259--290},
 PUBLISHER = {Princeton Univ. Press, Princeton, N.J.},
      YEAR = {1982},
   MRCLASS = {53C55 (58E30)},
  MRNUMBER = {645743},
MRREVIEWER = {John C. Wood},
}

@book{szebook,
  title={An introduction to extremal {K}{\"a}hler metrics},
  author={Sz{\'e}kelyhidi, G{\'a}bor},
  volume={152},
  year={2014},
  publisher={American Mathematical Soc.}
}

@article{Matsushima,
title={Remarks on {K}{\"a}hler-{E}instein manifolds},
author={{M}atsushima, {Y}ozo},
journal={Nagoya {M}ath. {J}.},
volume={46},
year={1972},
pages={161-173}
}

@article{matsushima1957structure,
  title={Sur la Structure du Groupe d’Hom{\'e}omorphismes Analytiques d’une Certaine Vari{\'e}t{\'e} Kaehl{\'e}rinne},
  author={Matsushima, Yoz{\^o}},
  journal={Kähler-Einstein metrics on symmetric general arrangement varietiesNagoya Mathematical Journal},
  volume={11},
  pages={145--150},
  year={1957},
  publisher={Cambridge University Press}
}

@article{nadel1990multiplier,
  title={Multiplier ideal sheaves and Kahler-Einstein metrics of positive scalar curvature},
  author={Nadel, Alan Michael},
  journal={Annals of Mathematics},
  pages={549--596},
  year={1990},
  publisher={JSTOR}
}

@inproceedings{demailly2001semi,
  title={Semi-continuity of complex singularity exponents and K{\"a}hler-Einstein metrics on Fano orbifolds},
  author={Demailly, Jean-Pierre and Koll{\'a}r, J{\'a}nos},
  booktitle={Annales scientifiques de l'Ecole normale sup{\'e}rieure},
  volume={34},
  number={4},
  pages={525--556},
  year={2001}
}

@article{rubinstein2009,
  title={On the construction of Nadel multiplier ideal sheaves and the limiting behavior of the Ricci flow},
  author={Rubinstein, Yanir},
  journal={Transactions of the American Mathematical Society},
  volume={361},
  number={11},
  pages={5839--5850},
  year={2009}
}

@article{rubinstein2008,
  title={Some discretizations of geometric evolution equations and the Ricci iteration on the space of K{\"a}hler metrics},
  author={Rubinstein, Yanir A},
  journal={Advances in Mathematics},
  volume={218},
  number={5},
  pages={1526--1565},
  year={2008},
  publisher={Elsevier}
}


@article{szekelyhidi2011,
  title={Greatest lower bounds on the Ricci curvature of Fano manifolds},
  author={Sz{\'e}kelyhidi, G{\'a}bor},
  journal={Compositio Mathematica},
  volume={147},
  number={1},
  pages={319--331},
  year={2011},
  publisher={London Mathematical Society}
}

@article{li2017,
  title={K-semistability is equivariant volume minimization},
  author={Li, Chi and others},
  journal={Duke Mathematical Journal},
  volume={166},
  number={16},
  pages={3147--3218},
  year={2017},
  publisher={Duke University Press}
}


@article{li2011,
  title={Greatest lower bounds on Ricci curvature for toric Fano manifolds},
  author={Li, Chi},
  journal={Advances in Mathematics},
  volume={226},
  number={6},
  pages={4921-4932},
  year={2011}
}

@article{cheltsov2019basis,
  title={Basis log canonical thresholds, local intersection estimates, and asymptotically log del Pezzo surfaces},
  author={Cheltsov, Ivan A and Rubinstein, Yanir A and Zhang, Kewei},
  journal={Selecta Mathematica},
  volume={25},
  number={2},
  pages={34},
  year={2019},
  publisher={Springer}
}

@article{yau1978ricci,
  title={On the ricci curvature of a compact k{\"a}hler manifold and the complex monge-amp{\'e}re equation, I},
  author={Yau, Shing-Tung},
  journal={Communications on pure and applied mathematics},
  volume={31},
  number={3},
  pages={339--411},
  year={1978},
  publisher={Wiley Online Library}
}

@article{chen2015kahler1,
  title={K{\"a}hler-Einstein metrics on Fano manifolds. I: Approximation of metrics with cone singularities},
  author={Chen, Xiuxiong and Donaldson, Simon and Sun, Song},
  journal={Journal of the American Mathematical Society},
  volume={28},
  number={1},
  pages={183--197},
  year={2015}
}

@article{chen2015kahler2,
  title={K{\"a}hler-Einstein metrics on Fano manifolds. II: Limits with cone angle less than 2𝜋},
  author={Chen, Xiuxiong and Donaldson, Simon and Sun, Song},
  journal={Journal of the American Mathematical Society},
  volume={28},
  number={1},
  pages={199--234},
  year={2015}
}

@article{chen2015kahler3,
  AUTHOR = {Chen, Xiuxiong and Donaldson, Simon and Sun, Song},
     TITLE = {K\"{a}hler-{E}instein metrics on {F}ano manifolds. {III}: {L}imits
              as cone angle approaches {$2\pi$} and completion of the main
              proof},
   JOURNAL = {J. Amer. Math. Soc.},
  FJOURNAL = {Journal of the American Mathematical Society},
    VOLUME = {28},
      YEAR = {2015},
    NUMBER = {1},
     PAGES = {235--278},
      ISSN = {0894-0347},
   MRCLASS = {53C55 (53C25)},
  MRNUMBER = {3264768},
MRREVIEWER = {Julius Ross},
}

@article{berman2014complex,
  title={Complex optimal transport and the pluripotential theory of K$\backslash$" ahler-Ricci solitons},
  author={Berman, Robert J and Nystrom, David Witt},
  journal={arXiv preprint arXiv:1401.8264},
  year={2014}
}


@article{berman2016k,
  title={K-polystability of Q-Fano varieties admitting K{\"a}hler-Einstein metrics},
  author={Berman, Robert J},
  journal={Inventiones mathematicae},
  volume={203},
  number={3},
  pages={973--1025},
  year={2016},
  publisher={Springer}
}

@article{stoppa2008k,
  title={K-stability of constant scalar curvature K$\backslash$" ahler manifolds},
  author={Stoppa, Jacopo},
  journal={arXiv preprint arXiv:0803.4095},
  year={2008}
}

@article{tian1997kahler,
  title={K{\"a}hler-Einstein metrics with positive scalar curvature},
  author={Tian, Gang},
  journal={Inventiones Mathematicae},
  volume={130},
  number={1},
  pages={1--37},
  year={1997},
  publisher={Springer}
}

@article{poincare1908uniformisation,
  title={Sur l'uniformisation des fonctions analytiques},
  author={Poincar{\'e}, Henri},
  journal={Acta mathematica},
  volume={31},
  number={1},
  pages={1--63},
  year={1908},
  publisher={Springer}
}

@article{koebe1909uniformisierung,
  title={{\"U}ber die Uniformisierung der algebraischen Kurven. I},
  author={Koebe, Paul},
  journal={Mathematische Annalen},
  volume={67},
  number={2},
  pages={145--224},
  year={1909},
  publisher={Springer}
}

@article{altmann2006polyhedral,
  title={Polyhedral divisors and algebraic torus actions},
  author={Altmann, Klaus and Hausen, J{\"u}rgen},
  journal={Mathematische Annalen},
  volume={334},
  number={3},
  pages={557--607},
  year={2006},
  publisher={Springer}
}


@article{koebe1910uniformisierung,
  title={{\"U}ber die Uniformisierung der algebraischen Kurven. II},
  author={Koebe, Paul},
  journal={Mathematische Annalen},
  volume={69},
  number={1},
  pages={1--81},
  year={1910},
  publisher={Springer}
}

@article{cable2018classification,
  title={On the classification of K{\"a}hler--Ricci solitons on Gorenstein del Pezzo surfaces},
  author={Cable, Jacob and S{\"u}{\ss}, Hendrik},
  journal={European Journal of Mathematics},
  volume={4},
  number={1},
  pages={137--161},
  year={2018},
  publisher={Springer}
}

@article{cable2019greatest,
  title={Greatest lower bounds on Ricci curvature for Fano {T}-manifolds of complexity one},
  author={Cable, Jacob},
  journal={Bulletin of the London Mathematical Society},
  volume={51},
  number={1},
  pages={34--42},
  year={2019},
  publisher={Wiley Online Library}
}

@unpublished{cable2019general,
   author = {Cable, Jacob},
   url={http://arxiv.org/abs/arXiv:1906.10080},
   title="{K{\"a}hler-{E}instein metrics on symmetric general arrangement varieties}",
   journal={arXiv preprint arXiv:1906.10080},
   year={2019}
}

@article{mori1981classification,
  title={Classification of Fano 3-folds with B 2≥ 2},
  author={Mori, Shigefumi and Mukai, Shigeru},
  journal={manuscripta mathematica},
  volume={36},
  number={2},
  pages={147--162},
  year={1981},
  publisher={Springer}
}

@article{suss2013fano,
  title={Fano threefolds with 2-torus action-a picture book},
  author={S{\"u}{\ss}, Hendrik},
  journal={arXiv preprint arXiv:1308.2379},
  year={2013}
}

@article{yao2017,
  title={Greatest lower bounds on Ricci curvature of homogeneous toric bundles},
  author={Yao, Yi},
  journal={International Journal of Mathematics},
  volume={28},
  number={04},
  pages={1750024},
  year={2017},
  publisher={World Scientific}
}

@incollection{da2006symplectic,
  title={Symplectic geometry},
  author={da Silva, Ana Cannas},
  booktitle={Handbook of differential geometry},
  volume={2},
  pages={79--188},
  year={2006},
  publisher={Elsevier}
}


@article{delcroix2017,
  title={K{\"a}hler--Einstein metrics on group compactifications},
  author={Delcroix, Thibaut},
  journal={Geometric and Functional Analysis},
  volume={27},
  number={1},
  pages={78--129},
  year={2017},
  publisher={Springer}
}


@article{datar2016kahler,
  title={K{\"a}hler--Einstein metrics along the smooth continuity method},
  author={Datar, Ved and Sz{\'e}kelyhidi, G{\'a}bor},
  journal={Geometric and Functional Analysis},
  volume={26},
  number={4},
  pages={975--1010},
  year={2016},
  publisher={Springer}
}

@Comment{jabref-meta: databaseType:bibtex;}
